@misc{galanz,
      author = {Galanz Inc.},
      url = {http://www.galanz.com}
}